@article{habib1989digital,
    title = {A digital neuron-type processor and its VLSI design},
    author = {Habib, Mahmoud K and Akel, H},
    journal = {IEEE Transactions on Circuits and Systems},
    volume = {36},
    number = {5},
    pages = {739--746},
    year = {1989},
    publisher = {IEEE}
}

@article{misra2010artificial,
    title = {Artificial neural networks in hardware: A survey of two decades of progress},
    author = {Misra, Janardan and Saha, Indranil},
    journal = {Neurocomputing},
    volume = {74},
    number = {1-3},
    pages = {239--255},
    year = {2010},
    publisher = {Elsevier}
}

@article{muthuramalingam2008neural,
    title = {Neural network implementation using FPGA: issues and application},
    author = {Muthuramalingam, A and Himavathi, S and Srinivasan, E},
    journal = {International journal of information technology},
    volume = {4},
    number = {2},
    pages = {86--92},
    year = {2008}
}

@article{Schuman2017ASO,
    title = {A Survey of Neuromorphic Computing and Neural Networks in Hardware},
    author = {Catherine D. Schuman and Thomas E. Potok and Robert M. Patton and J. Douglas Birdwell and Mark E. Dean and Garrett S. Rose and James S. Plank},
    journal = {ArXiv},
    year = {2017},
    volume = {abs/1705.06963}
}

@misc{forssell2014hardware,
    title = {Hardware Implementation of Artificial Neural Networks},
    author = {Forssell, Mats}
}

@article{boser1991analog,
    title = {An analog neural network processor with programmable topology},
    author = {Boser, Bernhard E and Sackinger, Eduard and Bromley, Jane and Le Cun, Yann and Jackel, Lawrence D},
    journal = {IEEE Journal of Solid-State Circuits},
    volume = {26},
    number = {12},
    pages = {2017--2025},
    year = {1991}
}

@article{zurada1992analog,
    title = {Analog implementation of neural networks},
    author = {Zurada, Jacek M},
    journal = {IEEE Circuits and Devices Magazine},
    volume = {8},
    number = {5},
    pages = {36--41},
    year = {1992},
    publisher = {IEEE}
}

@article{reed1989multiple,
    title = {A multiple-input OTA circuit for neural networks},
    author = {Reed, Russel D and Geiger, Randall L},
    journal = {IEEE Transactions on Circuits and Systems},
    volume = {36},
    number = {5},
    pages = {767--770},
    year = {1989},
    publisher = {IEEE}
}

@inproceedings{duranton1989learning,
    title = {Learning on VLSI: A general purpose digital neurochip},
    author = {Duranton, M and Sirat, JA},
    booktitle = {International 1989 Joint Conference on Neural Networks},
    pages = {613--vol},
    year = {1989},
    organization = {IEEE}
}

@inproceedings{ms1990digital,
    title = {A digital neural network architecture for VLSI},
    author = {MS Jr, Tomlinson and Walker, Dennis J and Sivilotti, Massimo A},
    booktitle = {1990 IJCNN International Joint Conference on Neural Networks},
    pages = {545--550},
    year = {1990},
    organization = {IEEE}
}

@article{dias2004artificial,
    title = {Artificial neural networks: a review of commercial hardware},
    author = {Dias, Fernando Morgado and Antunes, Ana and Mota, Alexandre Manuel},
    journal = {Engineering Applications of Artificial Intelligence},
    volume = {17},
    number = {8},
    pages = {945--952},
    year = {2004},
    publisher = {Elsevier}
}

@inproceedings{holler1989electrically,
    title = {An electrically trainable artificial neural network (ETANN) with 10240 floating gate synapses},
    author = {Holler, Mark and Tam, Simon and Castro, Hernan and Benson, Ronald},
    booktitle = {International Joint Conference on Neural Networks},
    volume = {2},
    pages = {191--196},
    year = {1989}
}

@article{hollis1990artificial,
    title = {Artificial neural networks using MOS analog multipliers},
    author = {Hollis, Paul W and Paulos, John J},
    journal = {IEEE Journal of Solid-State Circuits},
    volume = {25},
    number = {3},
    pages = {849--855},
    year = {1990},
    publisher = {IEEE}
}

@article{adhikari2012memristor,
    title = {Memristor bridge synapse-based neural network and its learning},
    author = {Adhikari, Shyam Prasad and Yang, Changju and Kim, Hyongsuk and Chua, Leon O},
    journal = {IEEE Transactions on Neural Networks and Learning Systems},
    volume = {23},
    number = {9},
    pages = {1426--1435},
    year = {2012},
    publisher = {IEEE}
}

@INPROCEEDINGS{Burr95digitalneural,
    author = {James B. Burr},
    title = {Digital Neural Network Implementations},
    booktitle = {in Neural Networks, Concepts, Applications, and Implementations, Vol III. Englewood Cliffs},
    year = {1995},
    pages = {237--285},
    publisher = {Prentice Hall}
}

@INPROCEEDINGS{Nichols02feasibilityof,
    author = {Kristian R. Nichols and Medhat A. Moussa and Shawki M. Areibi},
    title = {Feasibility of Floating-Point Arithmetic in FPGA based Artificial Neural Networks},
    booktitle = {In CAINE},
    year = {2002},
    pages = {8--13}
}

@inproceedings{gupta2015deep,
    title={Deep learning with limited numerical precision},
    author={Gupta, Suyog and Agrawal, Ankur and Gopalakrishnan, Kailash and Narayanan, Pritish},
    booktitle={International Conference on Machine Learning},
    pages={1737--1746},
    year={2015}
}